%%% Journal articles ...

% IEEE Transactions on Smart Grid


@ARTICLE{suruxsubrl2019,
author={Miah, Md Suruz  and Elhussei, Amir, Keshtka, Fazel Abouhea, Muhammad},
journal={IEEE Conf. on....},
title={Model-free Reinforcement Learning Approach for Leader-Follower Formation using Mobile Robot},
year={2019},}




@article{rana2017consensus,
  title={Consensus-based smart grid state estimation algorithm},
  author={Rana, Md Masud and Li, Li and Su, Steven W and Xiang, Wei},
  journal={IEEE Transactions on Industrial Informatics},
  volume={14},
  number={8},
  pages={3368--3375},
  year={2017},
}


@article{rana2017cyber,
  title={Cyber attack protection and control of microgrids},
  author={Rana, Md Masud and Li, Li and Su, Steven W},
  journal={IEEE/CAA Journal of Automatica Sinica},
  volume={5},
  number={2},
  pages={602--609},
  year={2017},
  publisher={IEEE}
}



@ARTICLE{Mocanu2018, 
author={E. Mocanu and D. C. Mocanu and P. H. Nguyen and A. Liotta and M. E. Webber and M. Gibescu and J. G. Slootweg}, 
journal={IEEE Transactions on Smart Grid}, 
title={On-line Building Energy Optimization using Deep Reinforcement Learning}, 
year={2018}, 
volume={0}, 
number={0}, 
pages={1-1}, 
keywords={Buildings;Machine learning;Learning (artificial intelligence);Energy consumption;Optimization;Smart grids;Minimization;Deep Reinforcement Learning;Demand Response;Deep Neural Networks;Smart Grid;Strategic Optimization.}, 
doi={10.1109/TSG.2018.2834219}, 
month={TBA},}

@ARTICLE{Althaher2015,
author={S. Althaher and P. Mancarella and J. Mutale},
journal={IEEE Transactions on Smart Grid},
title={Automated Demand Response From Home Energy Management System Under Dynamic Pricing and Power and Comfort Constraints},
year={2015},
volume={6},
number={4},
pages={1874-1883},
keywords={demand side management;domestic appliances;integer programming;invoicing;iterative methods;minimisation;nonlinear programming;power system control;pricing;automated demand response;home energy management system controller;dynamic pricing;power constraints;comfort constraints;domestic appliances;electricity bill reduction;mixed integer nonlinear optimization problem;iterative manner rolling throughout;Home appliances;Electricity;Optimization;Power demand;Energy management;Mathematical model;Pricing;Automated demand response (ADR);building energy management;demand response;dynamic pricing;home energy management systems;optimization-based controller;Automated demand response (ADR);building energy management;demand response;dynamic pricing;home energy management systems;optimization-based controller},
doi={10.1109/TSG.2014.2388357},
ISSN={1949-3053},
month={July},}

% Energy and Buildings

@article{Ferreira2012,
title = "Neural networks based predictive control for thermal comfort and energy savings in public buildings",
journal = "Energy and Buildings",
volume = "55",
pages = "238--251",
year = "2012",
doi = "https://doi.org/10.1016/j.enbuild.2012.08.002",
author = "P.M. Ferreira and A.E. Ruano and S. Silva and E.Z.E. Conceição",
keywords = "HVAC predictive control, Predicted mean vote, Neural networks, Multi-objective genetic algorithm, Thermal comfort, Wireless sensor networks"
}

@article{Chikkatur2011,
author = {Ananth P. Chikkatur and Ankur Chaudhary and Ambuj D. Sagar},
title = {Coal Power Impacts, Technology, and Policy: Connecting the Dots},
journal = {Annual Review of Environment and Resources},
volume = {36},
number = {1},
pages = {101--138},
year = {2011}
}

@article{Khan2004,
Author = {Kaisar R. Khan and Qamrul Ahsan  and Moshiur R Bhuiyan},
Title =	 {Expected Energy Production Cost of Two Area interconnected Systems with Jointly Owned Units},
Journal = {Electric Power System Research Journal},
volume = {69},
pages = {115--122},
year = {2004},
}

%IEEE Internet of Things Journal
@ARTICLE{Pan2015,
author={J. Pan and R. Jain and S. Paul and T. Vu and A. Saifullah and M. Sha},
journal={IEEE Internet of Things Journal},
title={An Internet of Things Framework for Smart Energy in Buildings: Designs, Prototype, and Experiments},
year={2015},
volume={2},
number={6},
pages={527-537},
keywords={building management systems;energy conservation;Internet of Things;Internet of Things;smart energy;IoT;smart grids;energy efficiency;global sustainability;LEED-gold-certificated green office building;smart location-based automated control;networked energy control;cloud-computing technologies;control system prototype;energy saving;network intelligence;Buildings;Energy consumption;Cooling;Energy efficiency;Resistance heating;Correlation;Internet of Things;Smart Energy;Energy Efficiency;Multi-scale Energy-Proportionality;Intelligent Buildings;Location-based Networked Control;Energy efficiency;intelligent buildings;Internet of Things (IoT);location-based networked control;multiscale energy-proportionality;smart energy},
doi={10.1109/JIOT.2015.2413397},
ISSN={2327-4662},
month={Dec},}

% IEEE Access
@ARTICLE{Hannan2018,
author={M. A. Hannan and M. Faisal and P. J. Ker and L. H. Mun and K. Parvin and T. M. I. Mahlia and F. Blaabjerg},
journal={IEEE Access},
title={A Review of Internet of Energy Based Building Energy Management Systems: Issues and Recommendations},
year={2018},
volume={6},
number={},
pages={38997-39014},
keywords={building management systems;energy conservation;energy consumption;energy management systems;optimal control;sustainable development;energy based building energy management systems;net zero energy buildings;energy consumption;building energy efficiency;sustainable energy usages;BEMS data;nZEB solution;energy utilization;smart building energy systems;IoE-based BEMS technologies;energy routers;IoE-based technologies;sustainable building energy usage;future BEMS applications;sustainable building energy management;nZEB configuration;Buildings;Energy consumption;Internet;Energy efficiency;Monitoring;Cooling;Internet of energy (IoE);building energy management system;nearly or net zero energy building;sustainable energy},
doi={10.1109/ACCESS.2018.2852811},
ISSN={2169-3536},
month={},}

@ARTICLE{Zhong2018, 
author={W. {Zhong} and C. {Yang} and K. {Xie} and S. {Xie} and Y. {Zhang}}, 
journal={IEEE Access}, 
title={ADMM-Based Distributed Auction Mechanism for Energy Hub Scheduling in Smart Buildings}, 
year={2018}, 
volume={6}, 
number={}, 
pages={45635-45645}, 
keywords={domestic appliances;energy conservation;energy consumption;energy management systems;game theory;load management;optimisation;ADMM-based distributed auction mechanism;energy hub scheduling;energy conversion;storage technologies;multiple energy;stable energy services;ideal energy system design;smart buildings;green buildings;multienergy scheduling;energy users;demand data;hub manager;auction computation;distributed computation offloading;auction outcome;household energy consumption dataset;energy scheduling performance;Buildings;Resistance heating;Cooling;Energy consumption;Cogeneration;Energy storage;Production;Alternating direction method of multipliers;auction;energy hub;energy scheduling}, 
doi={10.1109/ACCESS.2018.2865625}, 
ISSN={2169-3536}, 
month={},}

%IEEE Journal on Selected Areas in Communications
@ARTICLE{Collotta2015,
author={M. Collotta and G. Pau},
journal={IEEE Journal on Selected Areas in Communications},
title={A Novel Energy Management Approach for Smart Homes Using Bluetooth Low Energy},
year={2015},
volume={33},
number={12},
pages={2988-2996},
keywords={Bluetooth;building management systems;domestic appliances;energy consumption;energy management systems;home automation;power engineering computing;smart power grids;smart homes;smart grids;electric distribution systems;renewable energy sources;information and communication technologies;ICT;wireless networks;control applications;energy harvesting;metering methodologies;smart wireless devices;Bluetooth low energy;BLE;home appliances;home energy management;HEM scheme;energy consumption charges;load demand;electricity consumption charges;Home appliances;Wireless sensor networks;Smart homes;Wireless communication;Energy management;Smart grids;Bluetooth;Smart Home;Smart Grid;Home Energy Management;Wireless Sensor Networks;Bluetooth Low Energy;Smart home;smart grid;home energy management;wireless sensor networks;bluetooth low energy (BLE)},
doi={10.1109/JSAC.2015.2481203},
ISSN={0733-8716},
month={Dec},}

% IEEE Transactions on Energy Conversion
@ARTICLE{Mantovani2014,
author={G. Mantovani and G. T. Costanzo and M. Marinelli and L. Ferrarini},
journal={IEEE Transactions on Energy Conversion},
title={Experimental Validation of Energy Resources Integration in Microgrids via Distributed Predictive Control},
year={2014},
volume={29},
number={4},
pages={1018-1025},
keywords={building management systems;distributed control;distributed power generation;energy management systems;power consumption;power distribution control;power generation control;power grids;predictive control;secondary cells;solar power;space cooling;space heating;wind power;energy resource integration;microgrid;distributed predictive control;energy production management;national grid;resistive load;vanadium redox battery system;solar renewable source;wind renewable source;Technical University of Denmark;distributed energy system;SYSLAB;building space cooling management;building space heating management;storage system management;commercial building;energy consumption management;innovative control scheme;Batteries;Buildings;Production;Microgrids;Temperature measurement;Temperature control;Wind forecasting;Distributed model predictive control;energy management;microgrid testing;Distributed model predictive control;energy management;microgrid testing},
doi={10.1109/TEC.2014.2362887},
ISSN={0885-8969},
month={Dec},}

% IEEE Transactions on Consumer Electronics
@ARTICLE{Han2014,
author={J. Han and C. Choi and W. Park and I. Lee and S. Kim},
journal={IEEE Transactions on Consumer Electronics},
title={Smart home energy management system including renewable energy based on ZigBee and PLC},
year={2014},
volume={60},
number={2},
pages={198-202},
keywords={building management systems;computerised monitoring;cost reduction;energy consumption;energy management systems;home automation;internetworking;programmable controllers;renewable energy sources;Zigbee;home energy cost saving;statistical analysis information;home servers;energy data;remote energy management server;home energy use schedule control;energy estimation;renewable energy gateway;lights;home appliances;ZigBee-based energy measurement modules;energy generation data monitoring;smart HEMS architecture;energy cost minimization;energy consumption;renewable energy systems;PLC;ZigBee;smart home energy management system;Servers;Energy consumption;Home appliances;Renewable energy sources;Inverters;Zigbee;Home Energy Management System;ZigBee;Renewable Energy;Power Line Communication},
doi={10.1109/TCE.2014.6851994},
ISSN={0098-3063},
month={May},}

%Transactions on Industrial Infomatics
@ARTICLE{Dhar2017,
author={N. K. Dhar and N. K. Verma and L. Behera},
journal={IEEE Transactions on Industrial Informatics},
title={Adaptive Critic-Based Event-Triggered Control for HVAC System},
year={2018},
volume={14},
number={1},
pages={178-188},
keywords={adaptive control;continuous time systems;discrete time systems;dynamic programming;HVAC;linear quadratic control;Lyapunov methods;nonlinear control systems;optimal control;stability;temperature control;HVAC system;air conditioning system;thermal condition;real-time event;adaptive critic controller;optimal control actions;desired temperatures;real-time controller;event-based actions;nonlinear discrete time systems;actor-critic network weight update formulation;control execution events;Adaptive systems;Discrete-time systems;Real-time systems;Trajectory;Nonlinear dynamical systems;Adaptive critic control;discrete time system;event-triggered controller;heating;ventilation;and air conditioning (HVAC) system;stability},
doi={10.1109/TII.2017.2725899},
ISSN={1551-3203},
month={Jan},}


@ARTICLE{Reppa2015,
author={V. Reppa and P. Papadopoulos and M. M. Polycarpou and C. G. Panayiotou},
journal={IEEE Transactions on Control Systems Technology},
title={A Distributed Architecture for HVAC Sensor Fault Detection and Isolation},
year={2015},
volume={23},
number={4},
pages={1323-1337},
month={July},}

@ARTICLE{Manic2016, 
author={M. {Manic} and D. {Wijayasekara} and K. {Amarasinghe} and J. J. {Rodriguez-Andina}}, 
journal={IEEE Industrial Electronics Magazine}, 
title={Building Energy Management Systems: The Age of Intelligent and Adaptive Buildings}, 
year={2016}, 
volume={10}, 
number={1}, 
pages={25-39}, 
keywords={building management systems;energy management systems;building energy management systems;intelligent buildings;adaptive buildings;building automation systems;building control systems;physical security;access control;fire safety;life safety;HVAC system;lighting system;computational intelligence;Buildings;Energy consumption;Resilience;Energy efficiency;Security;Smart grids;Adaptation models}, 
doi={10.1109/MIE.2015.2513749}, 
ISSN={1932-4529}, 
month={March},}

%Transactions on Contorl Systems Technology
@ARTICLE{Serrano1999,
author={B. Arguello-Serrano and M. Velez-Reyes},
journal={IEEE Transactions on Control Systems Technology},
title={Nonlinear control of a heating, ventilating, and air conditioning system with thermal load estimation},
year={1999},
volume={7},
number={1},
pages={56-63},
month={Jan},}

%%% Conference articles

@inproceedings{FrancoisLavet2016,
  title={Deep Reinforcement Learning Solutions for Energy Microgrids Management},
  author={Vincent Francois-Lavet and D. Taralla},
  year={2016}
}



@INPROCEEDINGS{Pipattanasomporn2015, 
author={M. Pipattanasomporn and M. Kuzlu and W. Khamphanchai and A. Saha and K. Rathinavel and S. Rahman}, 
booktitle={2015 IEEE Innovative Smart Grid Technologies - Asia (ISGT ASIA)}, 
title={BEMOSS: An agent platform to facilitate grid-interactive building operation with IoT devices}, 
year={2015}, 
pages={1-6}, 
month={Nov},}


@inproceedings{Maatoug2014,
  title={Conception and Validation of Smart Building Energy Management System BEMS Using the Discrete Event System Specification DEVS},
  author={Abdelfettah Maatoug and Ghalem Belalem},
  year={2014}
}


@INPROCEEDINGS{FrancoisLavet2014, 
author={V. Francois-Lavet and R. Fonteneau and D. Ernst}, 
booktitle={2014 IEEE Symposium on Adaptive Dynamic Programming and Reinforcement Learning (ADPRL)}, 
title={Using approximate dynamic programming for estimating the revenues of a hydrogen-based high-capacity storage device}, 
year={2014}, 
pages={1-8}, 
keywords={dynamic programming;electrolysis;fuel cells;hydrogen storage;power markets;maximum revenue estimation;high-capacity storage device;day-ahead electricity market;dynamic programming principle;hydrogen-based storage devices;electrolysis;fuel cells;Belgian market;optimal revenue;interseasonal price fluctuations;Electricity;Hydrogen;Fuel cells;Electrochemical processes;Hydrogen storage;Dynamic programming}, 
doi={10.1109/ADPRL.2014.7010624}, 
month={Dec},}


@inproceedings{Alam2017,
	Address = {Jeddah, KSA},
	Author = {Md Shahin Alam and Kaisar R. Khan and Atiqur Rahman and Matiur Rahman},
	Booktitle = {Saudi Smart Grid Conference},
	Month = {December},
	Title = {Sustainable energy generation for a rapidly growing power system network in South East Asia using optimum control theory},
	Year = {2017}
}

@INPROCEEDINGS{Zhang2016, 
author={X. Zhang and R. Adhikari and M. Pipattanasomporn and M. Kuzlu and S. Rahman}, 
booktitle={2016 IEEE 3rd World Forum on Internet of Things (WF-IoT)}, 
title={Deploying IoT devices to make buildings smart: Performance evaluation and deployment experience}, 
year={2016}, 
pages={530-535}, 
keywords={building management systems;Internet;Internet of Things;IoT devices;Internet of Things;energy management system;small- and medium-sized commercial buildings;embedded systems;software optimization;low-cost single board computer;IoT devices;Embedded System;Smart Building}, 
month={Dec},}


@inproceedings{Khamphanchai2015,
	Address = {Bangkok, Thailand},
	Author = {W. Khamphanchai and M. Pipattanasomporn and M. Kuzlu and S. Rahman},
	Booktitle = {IEEE PES Innovative Smart Grid Technologies Asia (ISGT ASIA)},
	Month = {November},
	Title = {An agent-based open source platform for building energy management},
	Year = {2015}
}



% Theses, technical reports, etc

@phdthesis{FrancoisLavet2017,
  author       = {Vincent François-Lavet}, 
  title        = {Contributions to deep reinforcement learning and its applications in smartgrids},
  school       = {University of Liege},
  year         = {2017},
  address      = {Place du 20 Aout 7, 4000 Liege, Belgium},
  month        = {September}
}

@mastersthesis{Shahin2017,
	Address = {Lake Charles, LA, USA},
	Author = {Md Shahin Alam},
	Month = {May},
	School = {Department of Electrical Engineering, McNeese State University},
	Title = {Feasibility Study of Bangladesh Power Grid Network for Optimum use of Available Energy Resources},
	Year = {2017}
}

@mastersthesis{Parsa2013,
	Address = {Ottawa, Ontario, Canada},
	Author = {Maryam Parsa},
	Month = {October},
	School = {Department of Electrical and Computer Engineering, University of Ottawa},
	Title = {Optimum Decision policy for gradual replacement of conventional power sources by clean power sources},
	Year = {2013}
}

% Misc.

@misc{iec2015, 
    title={Focus on smart, innovative technologies: IEC e-tech: Issue' 09/2015}, url={https://iecetech.org/index.php/issue/2015-09/Focus-on-smart-innovative-technologies}, 
    journal={iecetech}, 
    publisher={IEC}, 
    year={2015}, 
    month={Dec}
}

@misc{eia2019,
    title={{U.S.} Energy Information Administration - {EIA} - Independent Statistics and Analysis}, 
    url={https://www.eia.gov/totalenergy/data/monthly/}, 
    journal={U.S. Energy Information Administration (EIA) - Total Energy Monthly Data}, 
    publisher={EIA}
}

@misc{vt2019,
    title={BEMOSS}, 
    url={http://www.bemoss.org/}, 
    journal={BEMOSS}, 
    publisher={Virginia Tech}
}

@misc{pnnl2019, 
    title={VOLTTRON}, 
    url={https://volttron.org/}, 
    journal={Volttron}, 
    publisher={PNNL}
}

@misc{nobatek2019,
    title={BEMServer},
    url={https://www.bemserver.org},
    publisher={Nobatek},
}

@misc{lucid2019,
    title={BuildingOS},
    url={http://buildingos.com/about/},
    publisher={Lucid}
}