




% Journal articles

@article{Porfiri2007-Tracking,
title = "Tracking and formation control of multiple autonomous agents: A two-level consensus approach",
journal = "Automatica",
volume = "43",
number = "8",
pages = "1318--1328",
year = "2007",
author = "Maurizio Porfiri and D. Gray Roberson and Daniel J. Stilwell",
keywords = "Consensus problem, Formation flying, Switched systems, Stability, Tracking, Multi-agent systems",
}






%%%%%% Books and references

@book{Bullo2009,
	Author = {Francesco Bullo and Jorge Cortes and Sonia Martinez},
	Date-Added = {2013-08-15 17:10:31 -0400},
	Date-Modified = {2013-08-15 17:10:31 -0400},
	Publisher = {Princeton University Press, Applied Mathematics Series},
	Title = {Distributed Control of Robotic Networks: A Mathematical Approach to Motion Coordination Algorithms},
	Year = {2009}}
	
@book{Okabe2000,
	Author = {Atsuyuki Okabe and Barry Boots and Kokichi Sugihara and Sung Nok Chiu},
	Date-Added = {2013-08-15 17:10:31 -0400},
	Date-Modified = {2013-08-15 17:10:31 -0400},
	Edition = {second},
	Publisher = {John Wiley \& Sons, LTM},
	Title = {Spatial Tessellations: Concepts and Applications of Voronoi Diagrams},
	Year = {2000}}